
@INCOLLECTION{ff:wileybook:11,
     author = {Aldinucci, Marco and Danelutto, Marco and Kilpatrick, Peter and Torquati, Massimo},
     editor = {Pllana, Sabri and Xhafa, Fatos},
      month = jan,
      title = {FastFlow: {H}igh-level and {E}fficient {S}treaming on {M}ulti-core},
  booktitle = {Programming Multi-core and Many-core Computing Systems},
     series = {Parallel and Distributed Computing},
    chapter = {13},
       year = {2013},
  publisher = {Wiley},
       isbn = {0470936908},
        url = {http://www.di.unipi.it/~aldinuc/paper_files/2011_FF_tutorial-draft.pdf},
   abstract = {A FastFlow short tutorial}
}
