%% This BibTeX bibliography file was created using BibDesk.
%% http://bibdesk.sourceforge.net/


%% Created for aldinuc at 2012-03-02 19:31:33 +0100 


%% Saved with string encoding Unicode (UTF-8) 



@article{string:align:66,
	Author = {V. I. Levenshtein},
	Date-Added = {2012-03-02 19:28:03 +0100},
	Date-Modified = {2012-03-02 19:28:03 +0100},
	Journal = {Soviet Physics Dokl.},
	Pages = {707--710},
	Title = {Binary codes capable of correcting insertions and reversals},
	Volume = {10},
	Year = {1966}}

@inproceedings{Kahn74,
	Address = {Stockholm, Sweden},
	Author = {G. Kahn},
	Booktitle = {Information processing},
	Date-Added = {2012-03-02 19:28:03 +0100},
	Date-Modified = {2012-03-02 19:28:03 +0100},
	Editor = {J. L. Rosenfeld},
	Optmonth = {Aug},
	Pages = {471-475},
	Publisher = {North Holland, Amsterdam},
	Title = {The semantics of a simple language for parallel programming},
	Year = {1974}}

@article{Lamport77,
	Address = {New York, NY, USA},
	Author = {Lamport, Leslie},
	Date-Added = {2012-03-02 19:28:03 +0100},
	Date-Modified = {2012-03-02 19:28:03 +0100},
	Doi = {http://doi.acm.org/10.1145/359863.359878},
	Issn = {0001-0782},
	Journal = {Commun. ACM},
	Number = {11},
	Pages = {806--811},
	Publisher = {ACM},
	Title = {Concurrent reading and writing},
	Volume = {20},
	Year = {1977},
	Bdsk-Url-1 = {http://doi.acm.org/10.1145/359863.359878}}

@article{LamportSC,
	Address = {Washington, DC, USA},
	Author = {Lamport, Leslie},
	Date-Added = {2012-03-02 19:28:03 +0100},
	Date-Modified = {2012-03-02 19:28:03 +0100},
	Doi = {http://dx.doi.org/10.1109/TC.1979.1675439},
	Issn = {0018-9340},
	Journal = {IEEE Trans. Comput.},
	Number = {9},
	Pages = {690--691},
	Publisher = {IEEE Computer Society},
	Title = {How to Make a Multiprocessor Computer That Correctly Executes Multiprocess Programs},
	Volume = {28},
	Year = {1979},
	Bdsk-Url-1 = {http://dx.doi.org/10.1109/TC.1979.1675439}}

@article{SW:81,
	Author = {Smith, T. F. and Waterman, M. S.},
	Citeulike-Article-Id = {668527},
	Citeulike-Linkout-0 = {http://view.ncbi.nlm.nih.gov/pubmed/7265238},
	Citeulike-Linkout-1 = {http://www.hubmed.org/display.cgi?uids=7265238},
	Date-Added = {2012-03-02 19:28:03 +0100},
	Date-Modified = {2012-03-02 19:28:03 +0100},
	Issn = {0022-2836},
	Journal = {J Mol Biol},
	Keywords = {alignment, bioinformatics},
	Month = {March},
	Number = {1},
	Pages = {195--197},
	Posted-At = {2009-05-19 21:43:29},
	Priority = {2},
	Title = {Identification of common molecular subsequences.},
	Url = {http://view.ncbi.nlm.nih.gov/pubmed/7265238},
	Volume = {147},
	Year = {1981},
	Bdsk-Url-1 = {http://view.ncbi.nlm.nih.gov/pubmed/7265238}}

@article{Lamport,
	Address = {New York, NY, USA},
	Author = {Lamport,, Leslie},
	Date-Added = {2012-03-02 19:28:03 +0100},
	Date-Modified = {2012-03-02 19:28:03 +0100},
	Doi = {http://doi.acm.org/10.1145/69624.357207},
	Issn = {0164-0925},
	Journal = {ACM Trans. Program. Lang. Syst.},
	Number = {2},
	Pages = {190--222},
	Publisher = {ACM},
	Title = {Specifying Concurrent Program Modules},
	Volume = {5},
	Year = {1983},
	Bdsk-Url-1 = {http://doi.acm.org/10.1145/69624.357207}}

@article{mpmc2,
	Address = {New York, NY, USA},
	Author = {Massalin, H. and Pu, C.},
	Date-Added = {2012-03-02 19:28:03 +0100},
	Date-Modified = {2012-03-02 19:28:03 +0100},
	Doi = {http://doi.acm.org/10.1145/74851.74869},
	Issn = {0163-5980},
	Journal = {SIGOPS Oper. Syst. Rev.},
	Number = {5},
	Pages = {191--201},
	Publisher = {ACM},
	Title = {Threads and input/output in the synthesis kernal},
	Volume = {23},
	Year = {1989},
	Bdsk-Url-1 = {http://doi.acm.org/10.1145/74851.74869}}

@article{tagged-token:mit:90,
	Address = {Washington, DC, USA},
	Author = {Arvind, K. and Nikhil, Rishiyur S.},
	Date-Added = {2012-03-02 19:28:03 +0100},
	Date-Modified = {2012-03-02 19:28:03 +0100},
	Doi = {http://dx.doi.org/10.1109/12.48862},
	Issn = {0018-9340},
	Journal = {IEEE Trans. Comput.},
	Number = {3},
	Pages = {300--318},
	Publisher = {IEEE Computer Society},
	Title = {Executing a Program on the MIT Tagged-Token Dataflow Architecture},
	Volume = {39},
	Year = {1990},
	Bdsk-Url-1 = {http://dx.doi.org/10.1109/12.48862}}

@article{Herlihy91,
	Address = {New York, NY, USA},
	Author = {Herlihy, Maurice},
	Date-Added = {2012-03-02 19:28:03 +0100},
	Date-Modified = {2012-03-02 19:28:03 +0100},
	Issn = {0164-0925},
	Journal = {ACM Trans. Program. Lang. Syst.},
	Number = {1},
	Optdoi = {http://doi.acm.org/10.1145/114005.102808},
	Optpublisher = {ACM},
	Pages = {124--149},
	Title = {Wait-free synchronization},
	Volume = {13},
	Year = {1991}}

@article{mpmc3,
	Address = {Washington, DC, USA},
	Author = {Prakash, S. and Lee, Yann Hang and Johnson, T.},
	Date-Added = {2012-03-02 19:28:03 +0100},
	Date-Modified = {2012-03-02 19:28:03 +0100},
	Doi = {http://dx.doi.org/10.1109/12.280802},
	Issn = {0018-9340},
	Journal = {IEEE Trans. Comput.},
	Number = {5},
	Pages = {548--559},
	Publisher = {IEEE Computer Society},
	Title = {A Nonblocking Algorithm for Shared Queues Using Compare-and-Swap},
	Volume = {43},
	Year = {1994},
	Bdsk-Url-1 = {http://dx.doi.org/10.1109/12.280802}}

@article{Adve95sharedmemory,
	Author = {Sarita V. Adve and Kourosh Gharachorloo},
	Date-Added = {2012-03-02 19:28:03 +0100},
	Date-Modified = {2012-03-02 19:28:03 +0100},
	Journal = {IEEE Computer},
	Pages = {66--76},
	Title = {Shared Memory Consistency Models: A Tutorial},
	Volume = {29},
	Year = {1995}}

@inproceedings{idiom:sc:95,
	Address = {New York, NY, USA},
	Author = {Bill Pottenger and Rudolf Eigenmann},
	Booktitle = {Proc. of the 9th Intl. Conference on Supercomputing (ICS '95)},
	Date-Added = {2012-03-02 19:28:03 +0100},
	Date-Modified = {2012-03-02 19:28:03 +0100},
	Doi = {http://doi.acm.org/10.1145/224538.224655},
	Isbn = {0-89791-728-6},
	Location = {Barcelona, Spain},
	Pages = {444--448},
	Publisher = {ACM Press},
	Title = {Idiom recognition in the {P}olaris parallelizing compiler},
	Year = {1995},
	Bdsk-Url-1 = {http://doi.acm.org/10.1145/224538.224655}}

@inproceedings{BlumofeFrJo96,
	Address = {Honolulu, Hawaii, USA},
	Author = {Robert D. Blumofe and Matteo Frigo and Christopher F. Joerg and Charles E. Leiserson and Keith H. Randall},
	Booktitle = {Proc. of the 10th Intl. Parallel Processing Symposium},
	Date-Added = {2012-03-02 19:28:03 +0100},
	Date-Modified = {2012-03-02 19:28:03 +0100},
	Month = apr,
	Pages = {132--141},
	Title = {Dag-Consistent Distributed Shared Memory},
	Year = {1996}}

@article{BlumofeJoKu96,
	Affiliation = mitlcs,
	Author = {Robert D. Blumofe and Christopher F. Joerg and Bradley C. Kuszmaul and Charles E. Leiserson and Keith H. Randall and Yuli Zhou},
	Date-Added = {2012-03-02 19:28:03 +0100},
	Date-Modified = {2012-03-02 19:28:03 +0100},
	Journal = {Journal of Parallel and Distributed Computing},
	Key = {Blumofe96},
	Month = aug,
	Number = {1},
	Optnote = {(An early version appeared in the {\em Proc. of the 5th ACM SIGPLAN Symposium on Principles and Practice of Parallel Programming (PPoPP)}, pages~207--216, Santa Barbara, California, July 1995.)},
	Opturl = {ftp://theory.lcs.mit.edu/pub/cilk/cilkjpdc96.ps.gz},
	Pages = {55--69},
	Title = {{C}ilk: An Efficient Multithreaded Runtime System},
	Volume = {37},
	Year = {1996}}

@inproceedings{HK97,
	Address = {Washington, DC, USA},
	Author = {Higham, Lisa and Kawash, Jalal},
	Booktitle = {Proc of the Intl. Symposium on Parallel Architectures, Algorithms and Networks (ISPAN)},
	Date-Added = {2012-03-02 19:28:03 +0100},
	Date-Modified = {2012-03-02 19:28:03 +0100},
	Doi = {10.1109/ISPAN.1997.645055},
	Isbn = {0-8186-8259-0},
	Optmonth = dec,
	Pages = {56--63},
	Publisher = {IEEE},
	Title = {Critical Sections and Producer/Consumer Queues in Weak Memory Systems},
	Year = {1997},
	Bdsk-Url-1 = {http://dx.doi.org/10.1109/ISPAN.1997.645055}}

@article{stream:survey,
	Author = {R. Stephens},
	Date-Added = {2012-03-02 19:28:03 +0100},
	Date-Modified = {2012-03-02 19:28:03 +0100},
	Journal = {Acta Informatica},
	Month = jul,
	Number = {7},
	Pages = {491--541},
	Title = {A survey of stream processing},
	Volume = {34},
	Year = {1997}}

@article{ABA:98,
	Author = {Maged M. Michael and Michael L. Scott},
	Date-Added = {2012-03-02 19:28:03 +0100},
	Date-Modified = {2012-03-02 19:28:03 +0100},
	Journal = {Journal of Parallel and Distributed Computing},
	Number = {1},
	Pages = {1--26},
	Title = {Nonblocking algorithms and preemption-safe locking on multiprogrammed shared memory multiprocessors},
	Volume = {51},
	Year = {1998}}

@inproceedings{mpmc4,
	Address = {New York, NY, USA},
	Author = {Tsigas, Philippas and Zhang, Yi},
	Booktitle = {SPAA '01: Proc. of the 13th ACM symposium on Parallel algorithms and architectures},
	Date-Added = {2012-03-02 19:28:03 +0100},
	Date-Modified = {2012-03-02 19:28:03 +0100},
	Doi = {http://doi.acm.org/10.1145/378580.378611},
	Isbn = {1-58113-409-6},
	Location = {Crete Island, Greece},
	Pages = {134--143},
	Publisher = {ACM},
	Title = {A simple, fast and scalable non-blocking concurrent FIFO queue for shared memory multiprocessor systems},
	Year = {2001},
	Bdsk-Url-1 = {http://doi.acm.org/10.1145/378580.378611}}

@article{openMP,
	Author = {Insung Park and Michael J. Voss and Seon Wook Kim and Rudolf Eigenmann},
	Date-Added = {2012-03-02 19:28:03 +0100},
	Date-Modified = {2012-03-02 19:28:03 +0100},
	Journal = {Scientific Programming},
	Pages = {143--161},
	Title = {Parallel Programming Environment for {OpenMP}},
	Volume = {9},
	Year = {2001}}

@inproceedings{Hendler02b,
	Author = {D. Hendler and N. Shavit},
	Booktitle = {Proc. of the 4th ACM Symposium on Parallel Algorithms and Architectures (SPAA)},
	Date-Added = {2012-03-02 19:28:03 +0100},
	Date-Modified = {2012-03-02 19:28:03 +0100},
	Pages = {164--172},
	Site = {Winnipeg, Manitoba, Canada},
	Title = {Work Dealing},
	Year = 2002}

@inproceedings{streamIt,
	Address = {London, UK},
	Author = {Thies, William and Karczmarek, Michal and Amarasinghe, Saman P.},
	Booktitle = {Proc. of the 11th Intl. Conference on Compiler Construction (CC)},
	Citeulike-Article-Id = {1116391},
	Date-Added = {2012-03-02 19:28:03 +0100},
	Date-Modified = {2012-03-02 19:28:03 +0100},
	Keywords = {bibtex-import, necst},
	Pages = {179--196},
	Posted-At = {2007-02-21 14:14:56},
	Priority = {2},
	Publisher = {Springer},
	Title = {{StreamIt}: A Language for Streaming Applications},
	Year = {2002}}

@inproceedings{Brook,
	Address = {New York, NY, USA},
	Author = {Buck, Ian and Foley, Tim and Horn, Daniel and Sugerman, Jeremy and Fatahalian, Kayvon and Houston, Mike and Hanrahan, Pat},
	Booktitle = {ACM SIGGRAPH '04 Papers},
	Citeulike-Article-Id = {1116360},
	Date-Added = {2012-03-02 19:28:03 +0100},
	Date-Modified = {2012-03-02 19:28:03 +0100},
	Keywords = {bibtex-import, necst},
	Pages = {777--786},
	Posted-At = {2007-02-21 14:14:53},
	Priority = {2},
	Publisher = {ACM Press},
	Title = {Brook for GPUs: stream computing on graphics hardware},
	Year = {2004}}

@article{HazardPointers04,
	Author = {Maged M. Michael},
	Date-Added = {2012-03-02 19:28:03 +0100},
	Date-Modified = {2012-03-02 19:28:03 +0100},
	Journal = {IEEE Trans. Parallel Distrib. Syst.},
	Number = {6},
	Pages = {491-504},
	Title = {Hazard Pointers: Safe Memory Reclamation for Lock-Free Objects},
	Volume = {15},
	Year = {2004}}

@inproceedings{MNSS,
	Author = {M. Moir and D. Nussbaum and O. Shalev and N. Shavit},
	Booktitle = {Proc. of the 7th ACM Symposium on Parallelism in Algorithms and Architectures},
	Date-Added = {2012-03-02 19:28:03 +0100},
	Date-Modified = {2012-03-02 19:28:03 +0100},
	Pages = {253--262},
	Site = {Las Vegas, Nevada},
	Title = {Using Elimination to Implement Scalable and Lock-Free {FIFO} Queues},
	Year = 2005}

@article{streaming:appl,
	Address = {Norwell, MA, USA},
	Author = {Amarasinghe, Saman and Gordon, Michael I. and Karczmarek, Michal and Lin, Jasper and Maze, David and Rabbah, Rodric M. and Thies, William},
	Date-Added = {2012-03-02 19:28:03 +0100},
	Date-Modified = {2012-03-02 19:28:03 +0100},
	Issn = {0885-7458},
	Journal = {Int. J. Parallel Program.},
	Number = {2},
	Optdoi = {http://dx.doi.org/10.1007/s10766-005-3590-6},
	Pages = {261--278},
	Publisher = {Kluwer Academic Publishers},
	Title = {Language and compiler design for streaming applications},
	Volume = {33},
	Year = {2005},
	Bdsk-Url-1 = {http://dx.doi.org/10.1007/s10766-005-3590-6}}

@article{trasnmem:scicomp:05,
	Address = {Amsterdam, The Netherlands, The Netherlands},
	Author = {Cole,, Christopher and Herlihy,, Maurice},
	Date-Added = {2012-03-02 19:28:03 +0100},
	Date-Modified = {2012-03-02 19:28:03 +0100},
	Doi = {http://dx.doi.org/10.1016/j.scico.2005.03.006},
	Issn = {0167-6423},
	Journal = {Sci. Comput. Program.},
	Number = {3},
	Pages = {310--324},
	Publisher = {Elsevier North-Holland, Inc.},
	Title = {Snapshots and software transactional memory},
	Volume = {58},
	Year = {2005},
	Bdsk-Url-1 = {http://dx.doi.org/10.1016/j.scico.2005.03.006}}

@inproceedings{snet,
	Author = {Alex Shafarenko and Clemens Grelck and Sven-Bodo Scholz},
	Booktitle = {Proc. of the 18th Intl. Symposium on Implementation and Application of Functional Languages (IFL'06)},
	Date-Added = {2012-03-02 19:28:03 +0100},
	Date-Modified = {2012-03-02 19:28:03 +0100},
	Opteditor = {Zoltan Horv\'ath and Vikt\'oria Zs\'ok},
	Pages = {146--166},
	Publisher = {E\"otv\"os Lor\'and University, Faculty of Informatics, Budapest, Hungary},
	Series = {TR 2006-S01},
	Title = {Semantics and Type Theory of {S-Net}},
	Topics = {SNet},
	Year = 2006}

@inproceedings{CUDA,
	Address = {New York, NY, USA},
	Author = {Kirk, David},
	Booktitle = {Proc. of the 6th Intl. symposium on Memory management (ISM)},
	Date-Added = {2012-03-02 19:28:03 +0100},
	Date-Modified = {2012-03-02 19:28:03 +0100},
	Doi = {http://doi.acm.org/10.1145/1296907.1296909},
	Isbn = {978-1-59593-893-0},
	Location = {Montreal, Quebec, Canada},
	Pages = {103--104},
	Publisher = {ACM},
	Title = {{NVIDIA} {CUDA} software and {GPU} parallel computing architecture},
	Year = {2007},
	Bdsk-Url-1 = {http://doi.acm.org/10.1145/1296907.1296909}}

@inproceedings{fastforward:ppopp:08,
	Address = {New York, NY, USA},
	Author = {Giacomoni,, John and Moseley,, Tipp and Vachharajani,, Manish},
	Booktitle = {Proc. of the 13th ACM SIGPLAN Symposium on Principles and practice of parallel programming (PPoPP)},
	Date-Added = {2012-03-02 19:28:03 +0100},
	Date-Modified = {2012-03-02 19:28:03 +0100},
	Doi = {http://doi.acm.org/10.1145/1345206.1345215},
	Isbn = {978-1-59593-795-7},
	Location = {Salt Lake City, UT, USA},
	Pages = {43--52},
	Publisher = {ACM},
	Title = {FastForward for efficient pipeline parallelism: a cache-optimized concurrent lock-free queue},
	Year = {2008},
	Bdsk-Url-1 = {http://doi.acm.org/10.1145/1345206.1345215}}

@article{mpmc1,
	Author = {Edya Ladan-Mozes and Nir Shavit},
	Bibsource = {DBLP, http://dblp.uni-trier.de},
	Date-Added = {2012-03-02 19:28:03 +0100},
	Date-Modified = {2012-03-02 19:28:03 +0100},
	Doi = {10.1007/s00446-007-0050-0},
	Ee = {http://dx.doi.org/10.1007/s00446-007-0050-0},
	Journal = {Distributed Computing},
	Number = {5},
	Pages = {323-341},
	Title = {An optimistic approach to lock-free {FIFO} queues},
	Volume = {20},
	Year = {2008},
	Bdsk-Url-1 = {http://dx.doi.org/10.1007/s00446-007-0050-0}}

@manual{SWPS3:08,
	Abstract = {Abstract Background We present swps3, a vectorized implementation of the Smith-Waterman local alignment algorithm optimized for both the Cell/BE and ×86 architectures. The paper describes swps3 and compares its performances with several other implementations. Findings Our benchmarking results show that swps3 is currently the fastest implementation of a vectorized Smith-Waterman on the Cell/BE, outperforming the only other known implementation by a factor of at least 4: on a Playstation 3, it achieves up to 8.0 billion cell-updates per second (GCPS). Using the SSE2 instruction set, a quad-core Intel Pentium can reach 15.7 GCUPS. We also show that swps3 on this CPU is faster than a recent GPU implementation. Finally, we note that under some circumstances, alignments are computed at roughly the same speed as BLAST, a heuristic method. Conclusion The Cell/BE can be a powerful platform to align biological sequences. Besides, the performance gap between exact and heuristic methods has almost disappeared, especially for long protein sequences.},
	Author = {Szalkowski, Adam and Ledergerber, Christian and Kr{\"a}henb{\"u}hl, Philipp and Dessimoz, Christophe},
	Date-Added = {2012-03-02 19:28:03 +0100},
	Date-Modified = {2012-03-02 19:28:03 +0100},
	Institution = {BioMed Central [http://www.biomedcentral.com/oai/2.0/] (United Kingdom)},
	Location = {http://www.scientificcommons.org/39542148},
	Opturl = {http://www.biomedcentral.com/1756-0500/1/107},
	Publisher = {BioMed Central Ltd.},
	Title = {SWPS3 -- fast multi-threaded vectorized Smith-Waterman for IBM Cell/B.E. and x86/SSE2},
	Year = {2008}}

@article{openmpTask,
	Address = {Piscataway, NJ, USA},
	Author = {Ayguad\'{e}, Eduard and Copty, Nawal and Duran, Alejandro and Hoeflinger, Jay and Lin, Yuan and Massaioli, Federico and Teruel, Xavier and Unnikrishnan, Priya and Zhang, Guansong},
	Date-Added = {2012-03-02 19:28:03 +0100},
	Date-Modified = {2012-03-02 19:28:03 +0100},
	Doi = {http://dx.doi.org/10.1109/TPDS.2008.105},
	Issn = {1045-9219},
	Journal = {IEEE Trans. Parallel Distrib. Syst.},
	Number = {3},
	Pages = {404--418},
	Publisher = {IEEE Press},
	Title = {The Design of {OpenMP} Tasks},
	Volume = {20},
	Year = {2009},
	Bdsk-Url-1 = {http://dx.doi.org/10.1109/TPDS.2008.105}}

@article{patterson:cacm:09,
	Author = {Krste Asanovic and Rastislav Bodik and James Demmel and Tony Keaveny and Kurt Keutzer and John Kubiatowicz and Nelson Morgan and David Patterson and Koushik Sen and John Wawrzynek and David Wessel and Katherine Yelick},
	Date-Added = {2012-03-02 19:28:03 +0100},
	Date-Modified = {2012-03-02 19:28:03 +0100},
	Doi = {10.1145/1562764.1562783},
	Journal = {Communications of the ACM},
	Number = {10},
	Pages = {56-67},
	Title = {A View of the Parallel Computing Landscape},
	Volume = {52},
	Year = {2009},
	Bdsk-Url-1 = {http://dx.doi.org/10.1145/1562764.1562783}}

@manual{ske:wikipedia,
	Date-Added = {2012-03-02 19:28:03 +0100},
	Date-Modified = {2012-03-02 19:28:03 +0100},
	Note = {\url{http://en.wikipedia.org/wiki/Algorithmic_skeleton}},
	Optauthor = {Murray Cole},
	Opturl = {http://en.wikipedia.org/wiki/Algorithmic_skeleton},
	Organization = {Wikipedia},
	Title = {Algorithmic skeleton},
	Year = {2009}}

@manual{blog:acm:reed:2009,
	Author = {Daniel Reed},
	Date-Added = {2012-03-02 19:28:03 +0100},
	Date-Modified = {2012-03-02 19:28:03 +0100},
	Month = may,
	Optnote = {\url{http://cacm.acm.org/browse-by-subject/performance-and-reliability/25872-high-performance-computing-whered-the-abstractions-go/}},
	Organization = {BLOG@CACM},
	Title = {High-Performance Computing: Where'd The Abstractions Go?},
	Url = {http://cacm.acm.org/browse-by-subject/performance-and-reliability/25872-high-performance-computing-whered-the-abstractions-go/},
	Year = {2009},
	Bdsk-Url-1 = {http://cacm.acm.org/browse-by-subject/performance-and-reliability/25872-high-performance-computing-whered-the-abstractions-go/}}

@manual{intel:skeletons:09,
	Date-Added = {2012-03-02 19:28:03 +0100},
	Date-Modified = {2012-03-02 19:28:03 +0100},
	Month = jul,
	Note = {\url{http://software.intel.com/en-us/intel-tbb/}},
	Optnote = {Last accessed},
	Organization = {Intel Corp.},
	Title = {Intel Threading Building Blocks},
	Year = {2009 (last accessed)}}

@manual{opencl,
	Date-Added = {2012-03-02 19:28:03 +0100},
	Date-Modified = {2012-03-02 19:28:03 +0100},
	Month = nov,
	Note = {\url{http://www.khronos.org/opencl/}},
	Optauthor = {Khronos Compute Working Group},
	Opturl = {http://www.khronos.org/opencl/},
	Organization = {Khronos Compute Working Group},
	Title = {OpenCL},
	Year = {2009}}

@manual{ibm:offload:09,
	Date-Added = {2012-03-02 19:28:03 +0100},
	Date-Modified = {2012-03-02 19:28:03 +0100},
	Note = {\url{http://www.alphaworks.ibm.com/tech/dav}},
	Opturl = {http://www.alphaworks.ibm.com/tech/dav},
	Organization = {IBM Corp.},
	Title = {IBM Dynamic Application Virtualization},
	Year = {2010}}

@inproceedings{LQ:10,
	Author = {Thomas B. Jablin and Yun Zhang and James A. Jablin and Jialu Huang and Hanjun Kim and and David I. August},
	Booktitle = {Proc. of the 8th Workshop on Explicitly Parallel Instruction Computer Architectures and Compiler Technology (EPIC)},
	Date-Added = {2012-03-02 19:28:03 +0100},
	Date-Modified = {2012-03-02 19:28:03 +0100},
	Optmonth = apr,
	Title = {Liberty Queues for EPIC Architectures},
	Year = {2010}}

@inproceedings{MCRINGBUFFER:ipdps:10,
	Author = {Patrick P. C. Lee and Tian Bu and Girish P. Chandranmenon},
	Booktitle = {Proc. of the 24th Intl. Parallel and Distributed Processing Symposium (IPDPS)},
	Date-Added = {2012-03-02 19:28:03 +0100},
	Date-Modified = {2012-03-02 19:28:03 +0100},
	Optmonth = apr,
	Title = {A lock-free, cache-efficient multi-core synchronization mechanism for line-rate network traffic monitoring},
	Year = {2010}}

@manual{somers,
	Author = {Jeff Somers},
	Date-Added = {2012-03-02 19:28:03 +0100},
	Date-Modified = {2012-03-02 19:28:03 +0100},
	Note = {\url{http://jsomers.com/nqueen_demo/nqueens.html}},
	Title = {The N Queens Problem: a study in optimization},
	Year = {2010}}

@article{DBLP:journals/taco/OrozcoGKLG12,
	Author = {Daniel A. Orozco and Elkin Garcia and Rishi Khan and Kelly Livingston and Guang R. Gao},
	Bibsource = {DBLP, http://dblp.uni-trier.de},
	Date-Added = {2012-03-02 19:28:03 +0100},
	Date-Modified = {2012-03-02 19:28:03 +0100},
	Ee = {http://doi.acm.org/10.1145/2086696.2086728},
	Journal = {TACO},
	Number = {4},
	Pages = {49},
	Title = {Toward high-throughput algorithms on many-core architectures},
	Volume = {8},
	Year = {2012}}

@article{Orozco:2012:HiPEAC,
	Acmid = {2086728},
	Address = {New York, NY, USA},
	Articleno = {49},
	Author = {Orozco, Daniel and Garcia, Elkin and Khan, Rishi and Livingston, Kelly and Gao, Guang R.},
	Date-Added = {2012-03-02 19:28:03 +0100},
	Date-Modified = {2012-03-02 19:28:03 +0100},
	Doi = {10.1145/2086696.2086728},
	Issn = {1544-3566},
	Issue_Date = {January 2012},
	Journal = {ACM Trans. Archit. Code Optim.},
	Keywords = {FIFO queue, Intrinsic throughput, concurrent queues, manycore architectures, parallel queue, queue algorithms, throughput},
	Month = jan,
	Number = {4},
	Numpages = {21},
	Pages = {49:1--49:21},
	Publisher = {ACM},
	Title = {Toward high-throughput algorithms on many-core architectures},
	Url = {http://doi.acm.org/10.1145/2086696.2086728},
	Volume = {8},
	Year = {2012},
	Bdsk-Url-1 = {http://doi.acm.org/10.1145/2086696.2086728},
	Bdsk-Url-2 = {http://dx.doi.org/10.1145/2086696.2086728}}

@inproceedings{cnc:hotpar:10,
	Address = {Berkley, CA, USA},
	Author = {Ryan Newton and Frank Schlimbach and Mark Hampton and Kathleen Knobe},
	Booktitle = {Proc. of USENIX Workshop on Hot Topics in Parallelism (HotPar 2010)},
	Date-Added = {2011-01-27 17:48:00 +0100},
	Date-Modified = {2011-01-27 17:51:34 +0100},
	Keywords = {cnc},
	Month = jun,
	Title = {Capturing and Composing Parallel Patterns with {Intel CnC}},
	Year = {2010},
	Bdsk-Url-1 = {http://www.usenix.org/event/hotpar10/final_posters/Newton.pdf}}

@article{Burke:1989fk,
	Abstract = {This paper presents an efficient algorithm that automatically generates a parallel program from a dependence-based representation of a sequential program. The resulting parallel program consists of nested fork-join constructs, composed from the loops and statements of the sequential program. Data dependences are handled by two techniques. One technique implicitly satisfies them by sequencing, thereby reducing parallelism. Where increased parallelism results, the other technique eliminates them by privatization: the introduction of process-specific private instances of variables. Additionally, the algorithm determines when copying values of such instances in and out of nested parallel constructs results in greater parallelism. This is the first algorithm for automatically generating parallelism for such a general model. The algorithm generates as much parallelism as is possible in our model while minimizing privatization.},
	Author = {Burke, Michael and Cytron, Ron and Ferrante, Jeanne and Hsieh, Wilson},
	Date = {1989/07/01/},
	Date-Added = {2010-07-14 23:57:23 +0200},
	Date-Modified = {2010-07-14 23:57:23 +0200},
	Day = {01},
	Journal = {The Journal of Supercomputing},
	M3 = {10.1007/BF00129843},
	Month = {07},
	Number = {2},
	Opturl = {http://dx.doi.org/10.1007/BF00129843},
	Pages = {71--88},
	Title = {Automatic generation of nested, fork-join parallelism},
	Ty = {JOUR},
	Volume = {3},
	Year = {1989},
	Bdsk-Url-1 = {http://dx.doi.org/10.1007/BF00129843}}

@manual{intel:skeletons:tbb,
	Author = {{Intel Corp.}},
	Optmonth = mar,
	Optnote = {(last accessed)},
	Title = {Threading Building Blocks},
	Url = {http://www.threadingbuildingblocks.org/},
	Year = {2011},
	Bdsk-Url-1 = {http://www.threadingbuildingblocks.org/}}

@book{tbb:book:2007,
	Author = {James Reinders},
	Publisher = {O'Reilly Media},
	Title = {Intel Threading Building Blocks. Outfitting C++ for Multi-core Processor Parallelism},
	Year = {2007}}

@inproceedings{athapascan1,
	Address = {Paris},
	Author = {F. Gallil\'ee and J.-L. Roch and G. G. H. Cavalheiro and M. Doreille},
	Booktitle = {Proc. of the 1998 Intl. Conference on Parallel Architectures and Compilation Techniques ({PACT} '98)},
	Month = oct,
	Pages = {88--95},
	Publisher = {IEEE Computer Society Press},
	Title = {Athapascan-1: On-Line Building Data Flow Graph in a Parallel Language},
	Year = {1998}}

@article{Lamport:fifo,
	Address = {New York, NY, USA},
	Author = {Lamport,, Leslie},
	Issn = {0164-0925},
	Journal = {ACM Trans. Program. Lang. Syst.},
	Number = {2},
	Optdoi = {http://doi.acm.org/10.1145/69624.357207},
	Pages = {190--222},
	Publisher = {ACM},
	Title = {Specifying Concurrent Program Modules},
	Volume = {5},
	Year = {1983}}

@article{Lamport:SC:79,
	Author = {Leslie Lamport},
	Journal = {IEEE Transactions on Computers},
	Month = sep,
	Number = {9},
	Pages = {690--691},
	Title = {How to Make a Multiprocessor Computer That Correctly Executes Multiprocess Programs},
	Volume = {28},
	Year = {1979}}

@manual{qt:web,
	Note = {\url{http://qt.nokia.com/}},
	Opturl = {http://qt.nokia.com/},
	Organization = {Nokia Corp.},
	Title = {Qt -- Cross-platform application and {UI} framework},
	Year = {2010}}

@inproceedings{charm++Acc,
	Address = {New York, NY, USA},
	Author = {Kunzman, David M. and Kal\'{e}, Laxmikant V.},
	Booktitle = {SC '09: Proc. of the Conference on High Performance Computing Networking, Storage and Analysis},
	Location = {Portland, Oregon},
	Optdoi = {http://doi.acm.org/10.1145/1654059.1654114},
	Optisbn = {978-1-60558-744-8},
	Optpublisher = {ACM},
	Pages = {1--12},
	Title = {Towards a framework for abstracting accelerators in parallel applications: experience with cell},
	Year = {2009}}

@inproceedings{Productivity02,
	Address = {Madrid, Spain},
	Author = {Laxmikant V. Kal{\'e}},
	Booktitle = {Proc. of the 1st Intl. Workshop on Productivity and Performance in High-End Computing (at HPCA 10)},
	Group = Y,
	Month = feb,
	Title = {Performance and Productivity in Parallel Programming via Processor Virtualization},
	Year = {2004}}

@article{bernstein:66,
	Author = {Arthur J. Bernstein},
	Journal = {IEEE Trans. on Electronic Computers},
	Number = {5},
	Optdoi = {10.1109/PGEC.1966.264565},
	Pages = {757--762},
	Title = {Program Analysis for Parallel Processing},
	Volume = {EC-15},
	Year = {1966}}

@inproceedings{Pop06graphite:polyhedral,
	Author = {Sebastian Pop and Albert Cohen and C\'edric Bastoul and Sylvain Girbal and Georges-andr\'e Silber and Nicolas Vasilache},
	Booktitle = {Proc. of the 2006 GCC Developers Summit},
	Title = {GRAPHITE: Polyhedral Analyses and Optimizations for GCC},
	Year = {2006}}

@inproceedings{Pop:streamization:09,
	Address = {Montr\'eal, Canada},
	Author = {Antoniu Pop and Sebastian Pop and Jan Sj\"odin},
	Booktitle = {Proc. of the 2009 GCC Developers Summit},
	Month = jun,
	Title = {Automatic Streamization in {GCC}},
	Year = {2009}}

@inproceedings{Pop-Kelly:streamization:08,
	Address = {Ottawa, Canada},
	Author = {Antoniu Pop and Sebastian Pop and Harsha Jagasia and Jan Sjodin and Paul H J Kelly},
	Booktitle = {Proc of the 2008 GCC Developers' Summit},
	Month = jun,
	Title = {Improving {GCC} Infrastructure for Streamization},
	Year = {2008}}

@inproceedings{PBZIP2,
	Author = {Jeff Gilchrist},
	Booktitle = {Proc. of IASTED Intl. Conference on Parallel and Distributed Computing and Systems},
	Pages = {559--564},
	Title = {Parallel Data Compression with BZIP2},
	Year = {2004}}

@article{lamport:doloops:74,
	Author = {Leslie Lamport},
	Journal = {Communications of the ACM},
	Number = {2},
	Pages = {83--93},
	Title = {The parallel execution of do loops},
	Volume = {17},
	Year = {1974}}

@inproceedings{stream:micro:05,
	Address = {Barcelona, Spain},
	Author = {Gummaraju, Jayanth and Rosenblum, Mendel},
	Booktitle = {MICRO 38: Proc. of the 38th annual IEEE/ACM Intl. Symposium on Microarchitecture},
	Optdoi = {http://dx.doi.org/10.1109/MICRO.2005.32},
	Optisbn = {0-7695-2440-0},
	Pages = {343--354},
	Publisher = {IEEE Computer Society},
	Title = {Stream Programming on General-Purpose Processors},
	Year = {2005}}

@manual{intel:sse:intrics,
	Organization = {Intel},
	Title = {Intel \textregistered\ C++ Intrinsics Reference},
	Url = {http://software.intel.com/en-us/avx/},
	Year = {2010},
	Bdsk-Url-1 = {http://software.intel.com/en-us/avx/}}

@inproceedings{DBLP:conf/iccms/DittamoC09,
	Address = {Macau, China},
	Author = {Cristian Dittamo and Davide Cangelosi},
	Booktitle = {Proc. of Intl. Conference on Computer Modeling and Simulation, (ICCMS)},
	Ee = {http://doi.ieeecomputersociety.org/10.1109/ICCMS.2009.42},
	Month = feb,
	Pages = {156-161},
	Publisher = {IEEE},
	Title = {Optimized Parallel Implementation of {Gillespie's} First Reaction Method on Graphics Processing Units},
	Year = {2009}}

@inproceedings{amdahl:law:1967,
	Address = {New York, NY, USA},
	Author = {Amdahl, Gene M.},
	Booktitle = {AFIPS '67 (Spring): Proc. of the April 18-20, 1967, spring joint computer conference},
	Location = {Atlantic City, New Jersey},
	Optdoi = {http://doi.acm.org/10.1145/1465482.1465560},
	Pages = {483--485},
	Publisher = {ACM},
	Title = {Validity of the single processor approach to achieving large scale computing capabilities},
	Year = {1967},
	Bdsk-Url-1 = {http://doi.acm.org/10.1145/1465482.1465560}}

@inbook{balbo:sim:1998,
	Address = {Jaca, Spain},
	Author = {A. Ferscha},
	Chapter = {VII -- Simulation},
	Editor = {G. Balbo and M. Silva},
	Month = sep,
	Optpages = {819--924},
	Series = {MATCH Advanced Schools},
	Title = {Performance Models for Discrete Event Systems with Synchronisations: Formalisms and Analysis Techniques},
	Volume = {2},
	Year = {1998}}

@manual{stochkit:web,
	Author = {L.R. Petzold},
	Note = {\url{ http://www.engineering.ucsb.edu/~cse/StochKit/index.html}},
	Title = {{StochKit}: stochastic simulation kit web page},
	Year = {2009}}

@book{herlihy:art:08,
	Author = {Maurice Herlihy and Nir Shavit},
	Publisher = {Morgan Kaufmann Publishers},
	Title = {The Art of Multiprocessor Programming},
	Year = {2008}}

@article{adve:relaxed-mem:96,
	Address = {Los Alamitos, CA, USA},
	Author = {Adve, Sarita V. and Gharachorloo, Kourosh},
	Issn = {0018-9162},
	Journal = {Computer},
	Number = {12},
	Optdoi = {http://dx.doi.org/10.1109/2.546611},
	Pages = {66--76},
	Publisher = {IEEE Computer Society Press},
	Title = {Shared Memory Consistency Models: A Tutorial},
	Volume = {29},
	Year = {1996},
	Bdsk-Url-1 = {http://dx.doi.org/10.1109/2.546611}}

@inproceedings{consistency:bakery:00,
	Address = {Rhodes, Greece},
	Author = {J. Brzezinski and D. Wawrzyniak},
	Booktitle = {Proc. of Intl. Euromicro PDP 2000: Parallel Distributed and network-based Processing},
	Month = jan,
	Optdoi = {10.1109/EMPDP.2000.823415},
	Pages = {220--227},
	Publisher = {IEEE},
	Title = {Consistency Requirements of Distributed Shared Memory for Lamport's Bakery Algorithm for Mutual Exclusion},
	Year = {2000},
	Bdsk-Url-1 = {http://dx.doi.org/10.1109/EMPDP.2000.823415}}

@misc{dongarra:europar:2010,
	Author = {J. Dongarra},
	Note = {invited talk at {E}uropar 2010},
	Title = {Impact of Architecture and Technology for Extreme Scale on Software and Algorithm Design},
	Url = {http://www.europar2010.org/_dwn_catalogo/1050-Inglese-dongarra.pdf},
	Year = 2010,
	Bdsk-Url-1 = {http://www.europar2010.org/_dwn_catalogo/1050-Inglese-dongarra.pdf}}

@inproceedings{kuchen:europar:2002,
	Address = {Paderborn, Germany},
	Author = {Herbert Kuchen},
	Booktitle = {Proc. of Intl. Euro-Par Conference (Euro-Par 2002)},
	Date-Modified = {2008-02-02 10:14:20 +0100},
	Editor = {B. Monien and R. Feldman},
	Month = aug,
	Pages = {620--629},
	Publisher = {Springer},
	Series = {LNCS},
	Title = {A Skeleton Library},
	Volume = 2400,
	Year = 2002}

@inproceedings{kiminori06,
	Address = {New York, NY, USA},
	Author = {Matsuzaki, Kiminori and Iwasaki, Hideya and Emoto, Kento and Hu, Zhenjiang},
	Booktitle = {Proc. of Intl. Conf. Scalable Information Systems (Infoscale 2006)},
	Isbn = {1-59593-428-6},
	Location = {Hong Kong},
	Optdoi = {http://doi.acm.org/10.1145/1146847.1146860},
	Pages = {13},
	Publisher = {ACM},
	Title = {A library of constructive skeletons for sequential style of parallel programming},
	Year = {2006}}

@article{mallba,
	Address = {Inderscience Publishers, Geneva, SWITZERLAND},
	Author = {Alba, Enrique and Luque, Gabriel and Garcia-Nieto, Jose and Ordonez, Guillermo and Leguizamon, Guillermo},
	Issn = {1751-648X},
	Journal = {International Journal of Innovative Computing and Applications},
	Number = {1},
	Optdoi = {http://dx.doi.org/10.1504/IJICA.2007.013403},
	Pages = {74--85},
	Publisher = {Inderscience Publishers},
	Title = {{MALLBA} a software library to design efficient optimisation algorithms},
	Volume = {1},
	Year = {2007},
	Bdsk-Url-1 = {http://dx.doi.org/10.1504/IJICA.2007.013403}}

@article{google-mapreduce,
	Address = {New York, NY, USA},
	Author = {Dean, Jeffrey and Ghemawat, Sanjay},
	Issn = {0001-0782},
	Journal = {CACM},
	Number = {1},
	Optdoi = {http://doi.acm.org/10.1145/1327452.1327492},
	Pages = {107--113},
	Publisher = {ACM},
	Title = {{MapReduce}: {S}implified data processing on large clusters},
	Volume = {51},
	Year = {2008}}

@inproceedings{bird-meertens,
	Author = {D. B. Skillicorn},
	Booktitle = {Software for Parallel Computation, volume 106 of NATO ASI Series F},
	Pages = {120--133},
	Publisher = {Springer},
	Title = {The {Bird-Meertens} Formalism as a Parallel Model},
	Year = {1993}}

@book{gamma-book,
	Author = {Erich Gamma and Richard Helm and Ralph Johnson and John Vlissides},
	Isbn = {0201633612},
	Publisher = {Addison-Wesley},
	Title = {Design Patterns},
	Year = 1995}

@article{berkeley-view,
	Address = {New York, NY, USA},
	Author = {Asanovic, Krste and Bodik, Rastislav and Demmel, James and Keaveny, Tony and Keutzer, Kurt and Kubiatowicz, John and Morgan, Nelson and Patterson, David and Sen, Koushik and Wawrzynek, John and Wessel, David and Yelick, Katherine},
	Issn = {0001-0782},
	Journal = {Commun. ACM},
	Number = {10},
	Optdoi = {http://doi.acm.org/10.1145/1562764.1562783},
	Pages = {56--67},
	Publisher = {ACM},
	Title = {A view of the parallel computing landscape},
	Volume = {52},
	Year = {2009},
	Bdsk-Url-1 = {http://doi.acm.org/10.1145/1562764.1562783}}

@book{libro-berna,
	Author = {Mattson, Timothy and Sanders, Beverly and Massingill, Berna},
	Isbn = {0321228111},
	Publisher = {Addison-Wesley Professional},
	Title = {Patterns for parallel programming},
	Year = {2004}}

@inproceedings{Kah74,
	Address = {Stockholm, Sweden},
	Author = {G. Kahn},
	Booktitle = {Information processing},
	Editor = {J. L. Rosenfeld},
	Month = {Aug},
	Pages = {471-475},
	Publisher = {North Holland, Amsterdam},
	Title = {The semantics of a simple language for parallel programming},
	Year = {1974}}

@article{DPN:95,
	Author = {E.A. Lee and T.M. Parks},
	Journal = {Proc. of the IEEE},
	Month = may,
	Number = {5},
	Pages = {773--801},
	Title = {Dataflow Process Networks},
	Volume = {83},
	Year = {1995}}

@inproceedings{skandium,
	Author = {Mario Leyton and Jos{\'e} M. Piquer},
	Booktitle = {Proc. of Euromicro Conf. on Parallel Distributed and Network-based Processing (PDP 2010)},
	Month = feb,
	Optaddress = {Pisa, Italy},
	Opteditor = {Marco Danelutto and Tom Gross and Julien Bourgeois},
	Pages = {289--296},
	Publisher = {IEEE},
	Title = {Skandium: Multi-core Programming with Algorithmic Skeletons},
	Year = {2010}}

@inproceedings{erbium:cases:10,
	Author = {C. Miranda and P. Dumont and A. Cohen and M. Duranton and A. Pop},
	Booktitle = {Proc. of Intl. Conf. on Compilers Architectures and Synthesis for Embedded Systems (CASES'10)},
	Month = oct,
	Note = {To appear, draft available at \url{http://www.cri.ensmp.fr/classement/doc/A-418.pdf}},
	Title = {Erbium: A deterministic, concurrent intermediate representation to map data-flow tasks to scalable, persistent streaming processes},
	Year = {2010}}

@inproceedings{DC:spagnoli:TBB:10,
	Address = {Los Alamitos, CA, USA},
	Author = {Carlos H. Gonzalez and Basilio B. Fraguela},
	Booktitle = {Proc. of the 10th Intl. Conference on High Performance Computing and Communications (HPCC)},
	Month = sep,
	Optdoi = {10.1109/HPCC.2010.24},
	Pages = {79--88},
	Publisher = {IEEE},
	Title = {A Generic Algorithm Template for Divide-and-Conquer in Multicore Systems},
	Year = {2010},
	Bdsk-Url-1 = {http://dx.doi.org/10.1109/HPCC.2010.24}}

@inproceedings{muesli:multicore:HPCC:10,
	Address = {Los Alamitos, CA, USA},
	Author = {Philipp Ciechanowicz and Herbert Kuchen},
	Booktitle = {Proc. of the 10th Intl. Conference on High Performance Computing and Communications (HPCC 2010)},
	Month = sep,
	Optdoi = {10.1109/HPCC.2010.23},
	Pages = {108--113},
	Publisher = {IEEE},
	Title = {Enhancing {M}uesli's Data Parallel Skeletons for Multi-Core Computer Architectures},
	Year = {2010}}

@article{ms:tpl,
	Author = {Daan Leijen and Judd Hall},
	Journal = {MSDN Magazine},
	Month = oct,
	Title = {Optimize Managed Code For Multi-Core Machines},
	Url = {http://msdn.microsoft.com/en-us/magazine/cc163340.aspx},
	Year = {2007},
	Bdsk-Url-1 = {http://msdn.microsoft.com/en-us/magazine/cc163340.aspx}}

@article{ske:survey:spe10,
	Annote = {Accepted for publication. 2009 JCR Impact Factor 1-year: 0.667 5-year: 1.035},
	Author = {Horacio Gonz\'{a}lez--V\'{e}lez and Mario Leyton},
	Issn = {1097-024X},
	Journal = {Software: Practice and Experience},
	Number = {12},
	Optdoi = {10.1002/spe.1026},
	Opturl = {http://dx.doi.org/10.1002/spe.1026},
	Pages = {1135--1160},
	Publisher = {John Wiley \& Sons, Ltd.},
	Title = {A Survey of Algorithmic Skeleton Frameworks: High-Level Structured Parallel Programming Enablers},
	Volume = {40},
	Year = {2010}}

@book{Pacheco:1996:PPM:248511,
	Address = {San Francisco, CA, USA},
	Author = {Pacheco, Peter S.},
	Isbn = {1-55860-339-5},
	Publisher = {Morgan Kaufmann Publishers Inc.},
	Title = {Parallel programming with MPI},
	Year = {1996}}
